@article{Fow2009,
        author = "James E. Fowler",
        title = "Compressive-Projection Principal Component Analysis",
        journal = "IEEE Transactions on Image Processing",
        year = 2009,
        volume = 18,
        number = 10,
        month = "October",
        pages = "2230-2242"     }
@inproceedings{Fow2008,
        author = "James E. Fowler",
        title = "Compressive-Projection Principal Component Analysis
              for the Compression of Hyperspectral Signatures",
        booktitle = "Proceedings of the Data Compression Conference",
        editor = "James A. Storer and Michael W. Marcellin",
        year = 2008,
        month = "March",
        address = "Snowbird, UT",
        pages = "83-92"      }
@incollection{FD2011,
        author = "James E. Fowler and Qian Du",
        title = "Reconstructions from Compressive Random Projections of
                 Hyperspectral Imagery",
        booktitle = "Optical Remote Sensing: {A}dvances in Signal Processing 
                    and Exploitation Techniques",
        editor = "Saurabh Prasad and Lori M. Bruce and Jocelyn Chanussot",
        publisher = "Springer",
        year = 2011,
        chapter = 3,
        pages = "31-48" }
@book{Par1998,
        author = "Beresford N. Parlett",
        title = "The Symmetric Eigenvalue Problem",
        publisher = "{Society for Industrial and Applied Mathematics}",
        address = "Philadelphia, PA",
        year = 1998      }
